% Do dodawania kluczy do odmiennego sortowania niż według autora
% (bibtex nie radzi sobie z sortowaniem polskich znaków diakrytycznych)
@PREAMBLE{ {\providecommand{\noopsort}[1]{}} }

% Przykłady formatowania książek (Book), rozdziałów w książkach (InBook),
% artykułów w czasopismach (Article), referatów konferencyjnych (InProceedings),
% raportów (TechReport), prac nieopublikowanych (Unpublished)







% Przykłady formatowania prac dyplomowych

@mastersthesis{roberto,
  author  = {R. Orozco},
  title   = {Bąk jaki jest każdy widzi},
  year    = {2018},
  school  = {Wydział Elektroniki, Politechnika Wrocławska},
  type    = {Praca dyplomowa inżynierska},
  address = {\url{https://kcir.pwr.edu.pl/~mucha/#studenckie}}
}


% Przykłady formatowania odnośników do oprogramowania

@misc{jlcpcb,
  key          = {jlcpcb},
  title        = {JLCPCB, China's Largest PCB Prototype Manufacturer, offers 24 hours Quick Turn PCB prototype, PCB assembly and Reliable small-batch PCB production.},
  howpublished = {\url{https://jlcpcb.com/}}
}


@misc{ltspice,
  key          = {ltspice},
  title        = {LTspice},
  howpublished = {\url{https://www.analog.com/en/design-center/design-tools-and-calculators/ltspice-simulator.html}}
}

@misc{kicad,
  key          = {KiCad},
  title        = {KiCad is an open source software suite for Electronic Design Automation (EDA).},
  howpublished = {\url{https://www.kicad.org/}}
}

@misc{stm32cubemx,
  key          = {STM32CubeMX},
  title        = {cubemx},
  howpublished = {\url{https://www.st.com/en/development-tools/stm32cubemx.html}}
}

@misc{platformio,
  key          = {PlatformIO},
  title        = {platformio},
  howpublished = {\url{https://platformio.org/}}
}

@misc{kradex,
  key          = {kradex},
  title        = {Kradex to polski producent obudów plastikowych przeznaczonych przede wszystkim dla branży elektronicznej, 
                  elektrotechnicznej czy elektrycznej i wszędzie tam, gdzie wymagane jest zastosowanie obudów z tworzyw sztucznych.},
  howpublished = {\url{https://www.kradex.com.pl/}}
}

@misc{knowles,
  key          = {knowles},
  title        = {Knowles Corporation (NYSE: KN) is a market leader and global provider of advanced micro-acoustic, audio processing, and precision device solutions, serving the...},
  howpublished = {\url{https://www.knowles.com/}}
}

@misc{hantek,
  key          = {hantek},
  title        = {Qingdao Hantek Electronic Co., Ltd. is a manufacturer of general instruments  specializes in design, product, sale and service. },
  howpublished = {\url{http://www.hantek.com/}}
}

% Przykłady formatowania materiałów internetowych, w tym odwołań do Wikipedii

@misc{sound_speed,
  key          = {sound_speed},
  author       = {Wikipedia},
  title        = {Prędkość dźwięku},
  howpublished = {\url{https://pl.wikipedia.org/wiki/Pr%C4%99dko%C5%9B%C4%87_d%C5%BAwi%C4%99ku}}
}

@misc{sluch,
  key          = {sluch},
  author       = {Wikipedia},
  title        = {Słuch},
  howpublished = {\url{https://pl.wikipedia.org/wiki/S%C5%82uch}}
}

@misc{sonar,
  key          = {sonar},
  author       = {Wikipedia},
  title        = {Sonar},
  howpublished = {\url{https://pl.wikipedia.org/wiki/Sonar}}
}


 % artykuły 
@inproceedings{Kreczmer:2020:Azimuth:Elevation,
  author    = {Kreczmer, Bogdan},
  editor    = {Szewczyk, Roman
               and Zieli{\'{n}}ski, Cezary
               and Kaliczy{\'{n}}ska, Ma{\l}gorzata},
  title     = {Estimation of Azimuth and Elevation Angles of Ultrasonic Signal Arrival by Indirect Phase Determination},
  booktitle = {Automation 2020: Towards Industry of the Future},
  year      = {2020},
  publisher = {Springer International Publishing},
  address   = {Cham},
  pages     = {359-367},
  isbn      = {978-3-030-40971-5}
}


% datasheety

@manual{knowles:SPU0410LR5H,
  organization = {KNOWLES},
  title        = {Zero-Height SiSonic \texttrademark Microphone},
  number       = {SPU0410LR5H-QB},
  year         = 2013,
  month        = 3,
  note         = {Rev. H}
}

https://www.ti.com/lit/ds/symlink/lm1117.pdf?ts=1671400004705&ref_url=https%253A%252F%252Fwww.google.com%252F

@manual{ti:lm1117,
  organization = {Texas Instruments},
  title        = {LM1117 800-mA, Low-Dropout Linear Regulator},
  number       = {LM1117},
  note         = {\url{https://www.ti.com/lit/ds/symlink/lm1117.pdf?ts=1671400004705&ref_url=https%253A%252F%252Fwww.google.com%252F}}
}