@book{knuth:texbook,
    title     = {The \TeX book},
    author    = {Knuth, Donald Ervin},
    series    = {Computers \& typesetting},
    year      = {1986},
    publisher = {Addison-Wesley}
}
    isbn      = {9780201134476},
    lccn      = {85030845},
    url       = {https://books.google.pl/books?id=zqgQAQAAMAAJ},

@book{zapf:ams-euler,
    author    = {Knuth, Donald Ervin and Zapf, Hermann},
    title     = {AMS Euler --- a new typeface for mathematics},
    year      = {1989},
    location  = {Toronto: University of Toronto Press},
    publisher = {Scholarly Publishing},
}

@book{lamport:latex,
    author    = {Lamport, Leslie},
    title     = {\LaTeX: A Document Preparation System},
    year      = {1994},
    publisher = {Addison-Wesley},
}

@misc{zapf:palatino,
    title        = {Linotype Palatino nova:
                    A classical typeface redesigned by Hermann Zapf},
    year         = {2005},
    howpublished = {Linotype Library GmbH},
}

@misc{levien:inconsolata,
    author       = {Levien, Raph},
    title        = {Inconsolata},
    url = {https://levien.com/type/myfonts/inconsolata.html},
}
